<record><leader>00000cas a22000007a 4500</leader><controlfield tag="001">17499867</controlfield><controlfield tag="008">880218d19271930laucr ne      0    0eng d</controlfield><datafield ind1=" " ind2=" " tag="010"><subfield code="a">sn 88064137 </subfield></datafield><datafield ind1=" " ind2=" " tag="040"><subfield code="a">LNP</subfield><subfield code="b">eng</subfield><subfield code="c">LNP</subfield><subfield code="d">OCLCQ</subfield></datafield><datafield ind1=" " ind2=" " tag="042"><subfield code="a">msc</subfield></datafield><datafield ind1="0" ind2="0" tag="245"><subfield code="a">Twice-a-week Morehouse enterprise.</subfield></datafield><datafield ind1="1" ind2="7" tag="246"><subfield code="a">Morehouse enterprise</subfield></datafield><datafield ind1=" " ind2=" " tag="260"><subfield code="a">Bastrop, Morehouse Parish, La. :</subfield><subfield code="b">C.G. Scott</subfield></datafield><datafield ind1=" " ind2=" " tag="310"><subfield code="a">Semiweekly</subfield></datafield><datafield ind1="0" ind2=" " tag="362"><subfield code="a">Vol. 24 [i.e. 26], no. 1 (Feb. 18, 1927)-v. 29, no. 47 (Aug. 28, 1930).</subfield></datafield><datafield ind1=" " ind2=" " tag="500"><subfield code="a">Vol. 26, no. 1 (Feb. 18, 1927) is misnumbered v. 24, no. 1.</subfield></datafield><datafield ind1=" " ind2=" " tag="752"><subfield code="a">United States</subfield><subfield code="b">Louisiana</subfield><subfield code="c">Morehouse</subfield><subfield code="d">Bastrop.</subfield></datafield><datafield ind1="0" ind2="0" tag="780"><subfield code="t">Morehouse enterprise (Morehouse, La. : 1921)</subfield><subfield code="w">(DLC)sn 88064136</subfield></datafield><datafield ind1="0" ind2="0" tag="785"><subfield code="t">Morehouse enterprise (Morehouse, La. : 1930)</subfield><subfield code="w">(DLC)sn 88064138</subfield></datafield></record>